@article{first_reference,
  author = {John Smith and Krishna Das},
  title = {Advancements in Coffee Machine Operating Systems},
  journal = {ACM Coffee Surveys},
  year = {2015}
}

@article{higgott2022pymatching,
  title={PyMatching: A Python package for decoding quantum codes with minimum-weight perfect matching},
  author={Higgott, Oscar},
  journal={ACM Transactions on Quantum Computing},
  volume={3},
  number={3},
  pages={1--16},
  year={2022},
  publisher={ACM New York, NY}
}

@inproceedings{second_reference,
  author = {Alemu, Selamawit and Berhanu, Tadesse and Habte, Meseret},
  title = {Coffee Machine Programming Languages: A Survey},
  booktitle = {Proceedings of the 23rd Annual ACM SIGCOFF Conference on Coffee Languages Design and Impelementation},
  year = {2017}
}

@article{Fowler_2012,
	doi = {10.1103/physreva.86.032324},
  
	url = {https://doi.org/10.1103%2Fphysreva.86.032324},
  
	year = 2012,
	month = {sep},
  
	publisher = {American Physical Society ({APS})},
  
	volume = {86},
  
	number = {3},
  
	author = {Austin G. Fowler and Matteo Mariantoni and John M. Martinis and Andrew N. Cleland},
  
	title = {Surface codes: Towards practical large-scale quantum computation},
  
	journal = {Physical Review A}
}

@article{fowler2018low,
  title={Low overhead quantum computation using lattice surgery},
  author={Fowler, Austin G and Gidney, Craig},
  journal={arXiv preprint arXiv:1808.06709},
  year={2018}
}

@inproceedings{hua2021autobraid,
  title={Autobraid: A framework for enabling efficient surface code communication in quantum computing},
  author={Hua, Fei and Chen, Yanhao and Jin, Yuwei and Zhang, Chi and Hayes, Ari and Zhang, Youtao and Zhang, Eddy Z},
  booktitle={MICRO-54: 54th Annual IEEE/ACM International Symposium on Microarchitecture},
  pages={925--936},
  year={2021}
}

@inproceedings{leblond2023tiscc,
  title={TISCC: A Surface Code Compiler and Resource Estimator for Trapped-Ion Processors},
  author={LeBlond, Tyler and Bennink, Ryan S and Lietz, Justin G and Seck, Christopher M},
  booktitle={Proceedings of the SC'23 Workshops of The International Conference on High Performance Computing, Network, Storage, and Analysis},
  pages={1426--1435},
  year={2023}
}

@article{viszlai2023architecture,
  title={An Architecture for Improved Surface Code Connectivity in Neutral Atoms},
  author={Viszlai, Joshua and Lin, Sophia Fuhui and Dangwal, Siddharth and Baker, Jonathan M and Chong, Frederic T},
  journal={arXiv preprint arXiv:2309.13507},
  year={2023}
}

@article{wu2021mapping,
  title={Mapping surface code to superconducting quantum processors},
  author={Wu, Anbang and Li, Gushu and Zhang, Hezi and Guerreschi, Gian Giacomo and Ding, Yufei and Xie, Yuan},
  journal={arXiv preprint arXiv:2111.13729},
  year={2021}
}

@phdthesis{kubica2018abcs,
  title={The ABCs of the color code: A study of topological quantum codes as toy models for fault-tolerant quantum computation and quantum phases of matter},
  author={Kubica, Aleksander Marek},
  year={2018},
  school={California Institute of Technology}
}

@article{anderson2014fault,
  title={Fault-tolerant conversion between the steane and reed-muller quantum codes},
  author={Anderson, Jonas T and Duclos-Cianci, Guillaume and Poulin, David},
  journal={Physical review letters},
  volume={113},
  number={8},
  pages={080501},
  year={2014},
  publisher={APS}
}

@article{third_reference,
  author = {Berhanu, Tadesse and Silva, Isabella and Mendez, Juan},
  title = {The Art of Latte Art Automation},
  journal = {JavaBrew Journal},
  year = {2018}
}

@article{fourth_reference,
  author = {Espresso, Oliver},
  title = {Commercial Coffee Machines and Customization},
  journal = {CoffeeTech Quarterly},
  year = {2019}
}

@inproceedings{coppos_cosp,
  author = {Ricardo Cafe√≠na and Isabela Pourover},
  title = {COPPOS: Brewing Excellence Beyond Espresso},
  booktitle = {Proceedings of the Crazy Over-the-Top Specialty Coffee Pioneers (COSP) Conference},
  year = {2020},
  publisher = {BrewMaster Press},
}

@inproceedings{flops_osci,
  author = {Marco Espresso and Sofia Cappuccino},
  title = {FLOPS: Brewing Laughter and Latte},
  booktitle = {Proceedings of the Operating System Support for Coffee Innovations (OSCI) Conference},
  year = {2021},
  publisher = {BeanTech Publications},
}

@article{eastin2009restrictions,
  title={Restrictions on transversal encoded quantum gate sets},
  author={Eastin, Bryan and Knill, Emanuel},
  journal={Physical review letters},
  volume={102},
  number={11},
  pages={110502},
  year={2009},
  publisher={APS}
}

@inproceedings{ravi2023better,
  title={Better than worst-case decoding for quantum error correction},
  author={Ravi, Gokul Subramanian and Baker, Jonathan M and Fayyazi, Arash and Lin, Sophia Fuhui and Javadi-Abhari, Ali and Pedram, Massoud and Chong, Frederic T},
  booktitle={Proceedings of the 28th ACM International Conference on Architectural Support for Programming Languages and Operating Systems, Volume 2},
  pages={88--102},
  year={2023}
}

@inproceedings{ding2020square,
  title={Square: Strategic quantum ancilla reuse for modular quantum programs via cost-effective uncomputation},
  author={Ding, Yongshan and Wu, Xin-Chuan and Holmes, Adam and Wiseth, Ash and Franklin, Diana and Martonosi, Margaret and Chong, Frederic T},
  booktitle={2020 ACM/IEEE 47th Annual International Symposium on Computer Architecture (ISCA)},
  pages={570--583},
  year={2020},
  organization={IEEE}
}

@inproceedings{ding2018magic,
  title={Magic-state functional units: Mapping and scheduling multi-level distillation circuits for fault-tolerant quantum architectures},
  author={Ding, Yongshan and Holmes, Adam and Javadi-Abhari, Ali and Franklin, Diana and Martonosi, Margaret and Chong, Frederic},
  booktitle={2018 51st Annual IEEE/ACM International Symposium on Microarchitecture (MICRO)},
  pages={828--840},
  year={2018},
  organization={IEEE}
}

@article{litinski2019magic,
  title={Magic state distillation: Not as costly as you think},
  author={Litinski, Daniel},
  journal={Quantum},
  volume={3},
  pages={205},
  year={2019},
  publisher={Verein zur F{\"o}rderung des Open Access Publizierens in den Quantenwissenschaften}
}

@article{litinski2019game,
  title={A game of surface codes: Large-scale quantum computing with lattice surgery},
  author={Litinski, Daniel},
  journal={Quantum},
  volume={3},
  pages={128},
  year={2019},
  publisher={Verein zur F{\"o}rderung des Open Access Publizierens in den Quantenwissenschaften}
}

@article{gidney2021factor,
  title={How to factor 2048 bit RSA integers in 8 hours using 20 million noisy qubits},
  author={Gidney, Craig and Eker{\aa}, Martin},
  journal={Quantum},
  volume={5},
  pages={433},
  year={2021},
  publisher={Verein zur F{\"o}rderung des Open Access Publizierens in den Quantenwissenschaften}
}

@article{xu2023constant,
  title={Constant-overhead fault-tolerant quantum computation with reconfigurable atom arrays},
  author={Xu, Qian and Ataides, J and Pattison, Christopher A and Raveendran, Nithin and Bluvstein, Dolev and Wurtz, Jonathan and Vasic, Bane and Lukin, Mikhail D and Jiang, Liang and Zhou, Hengyun},
  journal={arXiv preprint arXiv:2308.08648},
  year={2023}
}

@article{bravyi2023high,
  title={High-threshold and low-overhead fault-tolerant quantum memory},
  author={Bravyi, Sergey and Cross, Andrew W and Gambetta, Jay M and Maslov, Dmitri and Rall, Patrick and Yoder, Theodore J},
  journal={arXiv preprint arXiv:2308.07915},
  year={2023}
}

@article{horsman2012surface,
  title={Surface code quantum computing by lattice surgery},
  author={Horsman, Dominic and Fowler, Austin G and Devitt, Simon and Van Meter, Rodney},
  journal={New Journal of Physics},
  volume={14},
  number={12},
  pages={123011},
  year={2012},
  publisher={IOP Publishing}
}

@article{ross2014optimal,
  title={Optimal ancilla-free Clifford+ T approximation of z-rotations},
  author={Ross, Neil J and Selinger, Peter},
  journal={arXiv preprint arXiv:1403.2975},
  year={2014}
}

@article{choi2023fault,
  title={Fault Tolerant Non-Clifford State Preparation for Arbitrary Rotations},
  author={Choi, Hyeongrak and Chong, Frederic T and Englund, Dirk and Ding, Yongshan},
  journal={arXiv preprint arXiv:2303.17380},
  year={2023}
}

@article{akahoshi2023partially,
  title={Partially Fault-tolerant Quantum Computing Architecture with Error-corrected Clifford Gates and Space-time Efficient Analog Rotations},
  author={Akahoshi, Yutaro and Maruyama, Kazunori and Oshima, Hirotaka and Sato, Shintaro and Fujii, Keisuke},
  journal={arXiv preprint arXiv:2303.13181},
  year={2023}
}

@misc{li2022qasmbench,
      title={QASMBench: A Low-level QASM Benchmark Suite for NISQ Evaluation and Simulation}, 
      author={Ang Li and Samuel Stein and Sriram Krishnamoorthy and James Ang},
      year={2022},
      eprint={2005.13018},
      archivePrefix={arXiv},
      primaryClass={quant-ph}
}

@misc{Qiskit,
    author = {{Qiskit contributors}},
    title = {Qiskit: An Open-source Framework for Quantum Computing},
    year = {2023},
    doi = {10.5281/zenodo.2573505}
}
